@Article{bsd500,
 author = {Arbelaez, Pablo and Maire, Michael and Fowlkes, Charless and Malik, Jitendra},
 title = {Contour Detection and Hierarchical Image Segmentation},
 journal = {IEEE Trans. Pattern Anal. Mach. Intell.},
 issue_date = {May 2011},
 volume = {33},
 number = {5},
 month = may,
 year = {2011},
 issn = {0162-8828},
 pages = {898--916},
 numpages = {19},
 url = {http://dx.doi.org/10.1109/TPAMI.2010.161},
 doi = {10.1109/TPAMI.2010.161},
 acmid = {1963088},
 publisher = {IEEE Computer Society},
 address = {Washington, DC, USA},
 keywords = {Contour detection, image segmentation, computer vision.},
} 

@inproceedings{cityscapes,
title={The Cityscapes Dataset for Semantic Urban Scene Understanding},
author={Cordts, Marius and Omran, Mohamed and Ramos, Sebastian and Rehfeld, Timo and Enzweiler, Markus and Benenson, Rodrigo and Franke, Uwe and Roth, Stefan and Schiele, Bernt},
booktitle={Proc. of the IEEE Conference on Computer Vision and Pattern Recognition (CVPR)},
year={2016}
}

@article{stutz2018superpixels,
  title={Superpixels: An evaluation of the state-of-the-art},
  author={Stutz, David and Hermans, Alexander and Leibe, Bastian},
  journal={Computer Vision and Image Understanding},
  volume={166},
  pages={1--27},
  year={2018},
  publisher={Elsevier}
}

@techreport{achanta2010slic,
  title={Slic superpixels},
  author={Achanta, Radhakrishna and Shaji, Appu and Smith, Kevin and Lucchi, Aurelien and Fua, Pascal and S{\"u}sstrunk, Sabine},
  year={2010}
}

@article{achanta2012slic,
  title={SLIC superpixels compared to state-of-the-art superpixel methods},
  author={Achanta, Radhakrishna and Shaji, Appu and Smith, Kevin and Lucchi, Aurelien and Fua, Pascal and S{\"u}sstrunk, Sabine},
  journal={IEEE transactions on pattern analysis and machine intelligence},
  volume={34},
  number={11},
  pages={2274--2282},
  year={2012},
  publisher={IEEE}
}

@article{wu2020fuzzy,
  title={Fuzzy SLIC: Fuzzy simple linear iterative clustering},
  author={Wu, Chong and Zheng, Jiangbin and Feng, Zhenan and Zhang, Houwang and Zhang, Le and Cao, Jiawang and Yan, Hong},
  journal={IEEE Transactions on Circuits and Systems for Video Technology},
  year={2020},
  publisher={IEEE}
}

@inproceedings{wu2019improved,
  title={Improved superpixel-based fast fuzzy C-means clustering for image segmentation},
  author={Wu, Chong and Zhang, Le and Zhang, Houwang and Yan, Hong},
  booktitle={2019 IEEE International Conference on Image Processing (ICIP)},
  pages={1455--1459},
  year={2019},
  organization={IEEE}
}

@article{lei2018superpixel,
  title={Superpixel-based fast fuzzy C-means clustering for color image segmentation},
  author={Lei, Tao and Jia, Xiaohong and Zhang, Yanning and Liu, Shigang and Meng, Hongying and Nandi, Asoke K},
  journal={IEEE Transactions on Fuzzy Systems},
  volume={27},
  number={9},
  pages={1753--1766},
  year={2018},
  publisher={IEEE}
}

@article{felzenszwalb2004efficient,
  title={Efficient graph-based image segmentation},
  author={Felzenszwalb, Pedro F and Huttenlocher, Daniel P},
  journal={International journal of computer vision},
  volume={59},
  number={2},
  pages={167--181},
  year={2004},
  publisher={Springer}
}

@inproceedings{jia2014fast,
  title={Fast and robust image segmentation using an superpixel based FCM algorithm},
  author={Jia, Shixiang and Zhang, Caiming},
  booktitle={2014 IEEE International Conference on Image Processing (ICIP)},
  pages={947--951},
  year={2014},
  organization={IEEE}
}

@article{van2008visualizing,
  title={Visualizing data using t-SNE.},
  author={Van der Maaten, Laurens and Hinton, Geoffrey},
  journal={Journal of machine learning research},
  volume={9},
  number={11},
  year={2008}
}

@article{simonyan2014very,
  title={Very deep convolutional networks for large-scale image recognition},
  author={Simonyan, Karen and Zisserman, Andrew},
  journal={arXiv preprint arXiv:1409.1556},
  year={2014}
}

@book{goodfellow2016deep,
  title={Deep learning},
  author={Goodfellow, Ian and Bengio, Yoshua and Courville, Aaron},
  year={2016},
  publisher={MIT press},
  chapter=9
}

@book{nielsen2015neural,
  title={Neural networks and deep learning},
  author={Nielsen, Michael A},
  volume={25},
  year={2015},
  publisher={Determination press San Francisco, CA},
  chapter=1
}

@article{bishop2006pattern,
  title={Pattern recognition},
  author={Bishop, Christopher M},
  journal={Machine learning},
  volume={128},
  number={9},
  year={2006},
  chapter=9
}

@article{ayramo2006introduction,
  title={Introduction to partitioning-based clustering methods with a robust example},
  author={{\"A}yr{\"a}m{\"o}, Sami and K{\"a}rkk{\"a}inen, Tommi},
  journal={Reports of the Department of Mathematical Information Technology. Series C, Software engineering and computational intelligence},
  number={1/2006},
  year={2006},
  publisher={University of Jyv{\"a}skyl{\"a}}
}

@inbook{kaufman,
author = {Kaufman, Leonard and Rousseeuw, Peter},
year = {1990},
month = mar,
pages = {125-128},
title = {Finding Groups in Data: An Introduction to Cluster Analysis},
doi = {10.1002/9780470316801}
}

@inproceedings{macqueen1967some,
  title={Some methods for classification and analysis of multivariate observations},
  author={MacQueen, James and others},
  booktitle={Proceedings of the fifth Berkeley symposium on mathematical statistics and probability},
  volume={1},
  number={14},
  pages={281--297},
  year={1967},
  organization={Oakland, CA, USA}
}

@article{bradley2007adaptive,
  title={Adaptive thresholding using the integral image},
  author={Bradley, Derek and Roth, Gerhard},
  journal={Journal of graphics tools},
  volume={12},
  number={2},
  pages={13--21},
  year={2007},
  publisher={Taylor \& Francis}
}

@inproceedings{jing2003unsupervised,
  title={Unsupervised image segmentation using local homogeneity analysis},
  author={Jing, Feng and Li, Mingjing and Zhang, Hong-Jiang and Zhang, Bo},
  booktitle={Proceedings of the 2003 International Symposium on Circuits and Systems, 2003. ISCAS'03.},
  volume={2},
  pages={II--II},
  year={2003},
  organization={IEEE}
}

@article{dhanachandra2017survey,
  title={A survey on image segmentation methods using clustering techniques},
  author={Dhanachandra, Nameirakpam and Chanu, Yambem Jina},
  journal={European Journal of Engineering and Technology Research},
  volume={2},
  number={1},
  pages={15--20},
  year={2017}
}

@article{deng2001unsupervised,
  title={Unsupervised segmentation of color-texture regions in images and video},
  author={Deng, Yining and Manjunath, Bangalore S},
  journal={IEEE transactions on pattern analysis and machine intelligence},
  volume={23},
  number={8},
  pages={800--810},
  year={2001},
  publisher={IEEE}
}

@inproceedings{long2015fully,
  title={Fully convolutional networks for semantic segmentation},
  author={Long, Jonathan and Shelhamer, Evan and Darrell, Trevor},
  booktitle={Proceedings of the IEEE conference on computer vision and pattern recognition},
  pages={3431--3440},
  year={2015}
}

@article{minaee2021image,
  title={Image segmentation using deep learning: A survey},
  author={Minaee, Shervin and Boykov, Yuri Y and Porikli, Fatih and Plaza, Antonio J and Kehtarnavaz, Nasser and Terzopoulos, Demetri},
  journal={IEEE Transactions on Pattern Analysis and Machine Intelligence},
  year={2021},
  publisher={IEEE}
}

@article{paszke2019pytorch,
  title={Pytorch: An imperative style, high-performance deep learning library},
  author={Paszke, Adam and Gross, Sam and Massa, Francisco and Lerer, Adam and Bradbury, James and Chanan, Gregory and Killeen, Trevor and Lin, Zeming and Gimelshein, Natalia and Antiga, Luca and others},
  journal={Advances in neural information processing systems},
  volume={32},
  pages={8026--8037},
  year={2019}
}

@article{guerin2018unsupervised,
  title={Unsupervised robotic sorting: Towards autonomous decision making robots},
  author={Gu{\'e}rin, Joris and Thiery, St{\'e}phane and Nyiri, Eric and Gibaru, Olivier},
  journal={arXiv preprint arXiv:1804.04572},
  year={2018}
}

@article{hesamian2019deep,
  title={Deep learning techniques for medical image segmentation: achievements and challenges},
  author={Hesamian, Mohammad Hesam and Jia, Wenjing and He, Xiangjian and Kennedy, Paul},
  journal={Journal of digital imaging},
  volume={32},
  number={4},
  pages={582--596},
  year={2019},
  publisher={Springer}
}

@article{bear2020learning,
  title={Learning physical graph representations from visual scenes},
  author={Bear, Daniel M and Fan, Chaofei and Mrowca, Damian and Li, Yunzhu and Alter, Seth and Nayebi, Aran and Schwartz, Jeremy and Fei-Fei, Li and Wu, Jiajun and Tenenbaum, Joshua B and others},
  journal={arXiv preprint arXiv:2006.12373},
  year={2020}
}

@article{rousseeuw1987silhouettes,
  title={Silhouettes: a graphical aid to the interpretation and validation of cluster analysis},
  author={Rousseeuw, Peter J},
  journal={Journal of computational and applied mathematics},
  volume={20},
  pages={53--65},
  year={1987},
  publisher={Elsevier}
}

@phdthesis{bocking2018determining,
  title={Determining k in k-means clustering by exploiting attribute distributions},
  author={Bocking, Oscar},
  year={2018}
}

@inproceedings{ma2018fully,
  title={Fully convolutional network with cluster for semantic segmentation},
  author={Ma, Xiao and Chen, Zhongbi and Zhang, Jianlin},
  booktitle={AIP Conference Proceedings},
  volume={1955},
  number={1},
  pages={040049},
  year={2018},
  organization={AIP Publishing LLC}
}

@article{feng2021superpixel,
  title={Superpixel-Based Convolutional Neural Network for Georeferencing the Drone Images},
  author={Feng, Shihang and Passone, Luca and Schuster, Gerard T},
  journal={IEEE Journal of Selected Topics in Applied Earth Observations and Remote Sensing},
  volume={14},
  pages={3361--3372},
  year={2021},
  publisher={IEEE}
}

@article{pedregosa2011scikit,
  title={Scikit-learn: Machine learning in Python},
  author={Pedregosa, Fabian and Varoquaux, Ga{\"e}l and Gramfort, Alexandre and Michel, Vincent and Thirion, Bertrand and Grisel, Olivier and Blondel, Mathieu and Prettenhofer, Peter and Weiss, Ron and Dubourg, Vincent and others},
  journal={the Journal of machine Learning research},
  volume={12},
  pages={2825--2830},
  year={2011},
  publisher={JMLR. org}
}

@article{chen2019unsupervised,
  title={Unsupervised object segmentation by redrawing},
  author={Chen, Micka{\"e}l and Arti{\`e}res, Thierry and Denoyer, Ludovic},
  journal={arXiv preprint arXiv:1905.13539},
  year={2019}
}

@article{taghanaki2021deep,
  title={Deep semantic segmentation of natural and medical images: a review},
  author={Taghanaki, Saeid Asgari and Abhishek, Kumar and Cohen, Joseph Paul and Cohen-Adad, Julien and Hamarneh, Ghassan},
  journal={Artificial Intelligence Review},
  volume={54},
  number={1},
  pages={137--178},
  year={2021},
  publisher={Springer}
}

@inproceedings{ronneberger2015u,
  title={U-net: Convolutional networks for biomedical image segmentation},
  author={Ronneberger, Olaf and Fischer, Philipp and Brox, Thomas},
  booktitle={International Conference on Medical image computing and computer-assisted intervention},
  pages={234--241},
  year={2015},
  organization={Springer}
}

@inproceedings{zhao2017pyramid,
  title={Pyramid scene parsing network},
  author={Zhao, Hengshuang and Shi, Jianping and Qi, Xiaojuan and Wang, Xiaogang and Jia, Jiaya},
  booktitle={Proceedings of the IEEE conference on computer vision and pattern recognition},
  pages={2881--2890},
  year={2017}
}

@inproceedings{chen2018encoder,
  title={Encoder-decoder with atrous separable convolution for semantic image segmentation},
  author={Chen, Liang-Chieh and Zhu, Yukun and Papandreou, George and Schroff, Florian and Adam, Hartwig},
  booktitle={Proceedings of the European conference on computer vision (ECCV)},
  pages={801--818},
  year={2018}
}

@inproceedings{kanezaki2018unsupervised,
  title={Unsupervised image segmentation by backpropagation},
  author={Kanezaki, Asako},
  booktitle={2018 IEEE international conference on acoustics, speech and signal processing (ICASSP)},
  pages={1543--1547},
  year={2018},
  organization={IEEE}
}

@inproceedings{curiosity,
  title={Deep Mars: CNN classification of mars imagery for the PDS imaging atlas},
  author={Wagstaff, Kiri L and Lu, You and Stanboli, Alice and Grimes, Kevin and Gowda, Thamme and Padams, Jordan},
  booktitle={Thirty-Second AAAI Conference on Artificial Intelligence},
  year={2018}
}

@article{wold1987principal,
  title={Principal component analysis},
  author={Wold, Svante and Esbensen, Kim and Geladi, Paul},
  journal={Chemometrics and intelligent laboratory systems},
  volume={2},
  number={1-3},
  pages={37--52},
  year={1987},
  publisher={Elsevier}
}

@article{shlens2014tutorial,
  title={A tutorial on principal component analysis},
  author={Shlens, Jonathon},
  journal={arXiv preprint arXiv:1404.1100},
  year={2014}
}

@article{jain2010data,
  title={Data clustering: 50 years beyond K-means},
  author={Jain, Anil K},
  journal={Pattern recognition letters},
  volume={31},
  number={8},
  pages={651--666},
  year={2010},
  publisher={Elsevier}
}

@article{fu1997data,
  title={Data mining},
  author={Fu, Yongjian},
  journal={IEEE potentials},
  volume={16},
  number={4},
  pages={18--20},
  year={1997},
  publisher={IEEE}
}

@article{krizhevsky2012imagenet,
  title={Imagenet classification with deep convolutional neural networks},
  author={Krizhevsky, Alex and Sutskever, Ilya and Hinton, Geoffrey E},
  journal={Advances in neural information processing systems},
  volume={25},
  pages={1097--1105},
  year={2012}
}

@article{van2021unsupervised,
  title={Unsupervised semantic segmentation by contrasting object mask proposals},
  author={Van Gansbeke, Wouter and Vandenhende, Simon and Georgoulis, Stamatios and Van Gool, Luc},
  journal={arXiv preprint arXiv:2102.06191},
  year={2021}
}

@article{massey1951kolmogorov,
  title={The Kolmogorov-Smirnov test for goodness of fit},
  author={Massey Jr, Frank J},
  journal={Journal of the American statistical Association},
  volume={46},
  number={253},
  pages={68--78},
  year={1951},
  publisher={Taylor \& Francis}
}

@inproceedings{deng2009imagenet,
  title={Imagenet: A large-scale hierarchical image database},
  author={Deng, Jia and Dong, Wei and Socher, Richard and Li, Li-Jia and Li, Kai and Fei-Fei, Li},
  booktitle={2009 IEEE conference on computer vision and pattern recognition},
  pages={248--255},
  year={2009},
  organization={Ieee}
}